<collection xmlns="http://www.loc.gov/MARC21/slim">
<record>
  <leader>01344nam0a2200241 i 450 </leader>
  <controlfield tag="001">IT\ICCU\CNCE\067356</controlfield>
  <controlfield tag="005">20061005000000.0</controlfield>
  <datafield tag="012" ind1=" " ind2=" ">
    <subfield code="a">reer noal o-o. a-e- (C) 1567 (Q)</subfield>
    <subfield code="2">fei</subfield>
  </datafield>
  <datafield tag="100" ind1=" " ind2=" ">
    <subfield code="a">20060907f1567        0itac0103    ba</subfield>
  </datafield>
  <datafield tag="101" ind1=" " ind2=" ">
    <subfield code="a">ITA</subfield>
    <subfield code="a">LAT</subfield>
  </datafield>
  <datafield tag="102" ind1=" " ind2=" ">
    <subfield code="a">IT</subfield>
  </datafield>
  <datafield tag="200" ind1="1" ind2=" ">
    <subfield code="a">Bando, &amp; legge, dello illustrissimo, et eccel. signore, il s. duca di Fiorenza, &amp; di Siena, &amp; dell&apos;illustris. &amp; eccell. S. principe gouernante. Sopra l&apos;extratione de grani, biade, &amp; altre grascie, del suo ducal&apos;stato publicato l&apos;anno. 1567 di luglio</subfield>
  </datafield>
  <datafield tag="210" ind1=" " ind2=" ">
    <subfield code="a">In Firenze</subfield>
    <subfield code="d">\1567?!</subfield>
  </datafield>
  <datafield tag="215" ind1=" " ind2=" ">
    <subfield code="a">\4! c.</subfield>
    <subfield code="d">4ʻ</subfield>
  </datafield>
  <datafield tag="300" ind1=" " ind2=" ">
    <subfield code="a">Stampata dagli eredi di Lorenzo Torrentino; per il tipografo e la data cfr.: Leggi e bandi del periodo mediceo posseduti dalla Biblioteca Nazionale Centrale di Firenze. A cura di G. Bertoli, n. 235</subfield>
  </datafield>
  <datafield tag="620" ind1=" " ind2=" ">
    <subfield code="a">IT</subfield>
    <subfield code="d">Firenze</subfield>
  </datafield>
  <datafield tag="710" ind1="0" ind2="2">
    <subfield code="a">Firenze</subfield>
    <subfield code="c"> &lt;Ducato&gt;</subfield>
    <subfield code="3">IT\ICCU\CNCT\005420</subfield>
  </datafield>
  <datafield tag="712" ind1="0" ind2="2">
    <subfield code="a">Firenze</subfield>
    <subfield code="c"> &lt;Ducato&gt;</subfield>
    <subfield code="b"> : Magistrato  dell&apos;abbondanza</subfield>
    <subfield code="3">IT\ICCU\CNCA\027269</subfield>
  </datafield>
  <datafield tag="712" ind1="0" ind2="0">
    <subfield code="a">Torrentino, Lorenzo - eredi</subfield>
    <subfield code="3">IT\ICCU\CNCT\000014</subfield>
    <subfield code="4">650</subfield>
  </datafield>
  <datafield tag="791" ind1="0" ind2="2">
    <subfield code="a">Firenze</subfield>
    <subfield code="c"> &lt;Ducato&gt;</subfield>
    <subfield code="b"> : Ufficio dell&apos;abbondanza</subfield>
    <subfield code="3">IT\ICCU\CNCA\027365</subfield>
    <subfield code="z">Firenze &lt;Ducato&gt; : Magistrato  dell&apos;abbondanza</subfield>
  </datafield>
  <datafield tag="791" ind1="0" ind2="2">
    <subfield code="a">Stamperia Ducale</subfield>
    <subfield code="3">IT\ICCU\CNCT\001550</subfield>
    <subfield code="z">Torrentino, Lorenzo - eredi</subfield>
  </datafield>
  <datafield tag="801" ind1=" " ind2="3">
    <subfield code="a">IT</subfield>
    <subfield code="b">ICCU</subfield>
    <subfield code="c">20201115</subfield>
  </datafield>
  <datafield tag="899" ind1=" " ind2=" ">
    <subfield code="a">Biblioteca nazionale centrale. Firenze</subfield>
    <subfield code="1">FI0098</subfield>
    <subfield code="2">CFI CF</subfield>
  </datafield>
</record>
</collection>
